% Encoding: UTF-8

@Article{Zentar2001,
  author    = {Zentar, Rachid and Hicher, Pierre Yves and Moulin, G{\'e}rard},
  journal   = {Computers and Geotechnics},
  title     = {Identification of soil parameters by inverse analysis},
  year      = {2001},
  number    = {2},
  pages     = {129--144},
  volume    = {28},
  doi       = {10.1016/S0266-352X(00)00020-3},
  file      = {:Zentar2001-Identification-of-soil-parameters-b.pdf:PDF},
  publisher = {Elsevier},
}

@Article{Finno2005,
  author    = {Finno, Richard J and Calvello, Michele},
  journal   = {Journal of geotechnical and geoenvironmental engineering},
  title     = {Supported excavations: observational method and inverse modeling},
  year      = {2005},
  number    = {7},
  pages     = {826--836},
  volume    = {131},
  doi       = {10.1061/(ASCE)1090-0241(2005)131:7(826)},
  file      = {:Finno2005-Supported Excavations Observational Method and Inverse Modeling.pdf:PDF},
  publisher = {American Society of Civil Engineers},
}

@Article{rechea2008inverse,
  author    = {Rechea, Cecilia and Levasseur, S{\'e}verine and Finno, R},
  journal   = {Computers and Geotechnics},
  title     = {Inverse analysis techniques for parameter identification in simulation of excavation support systems},
  year      = {2008},
  number    = {3},
  pages     = {331--345},
  volume    = {35},
  doi       = {10.1016/j.compgeo.2007.08.008},
  file      = {:Rechea2008-Inverse analysis techniques for parameter identification in simulation of excavation support systems.pdf:PDF},
  publisher = {Elsevier},
}

@PhdThesis{Calvello2002,
  author = {Calvello, Michele},
  school = {Northwestern University Evanston},
  title  = {Inverse analysis of a supported excavation through Chicago glacial clays},
  year   = {2002},
  file   = {:Calvello2002-Inverse analysis of a supported excavation through Chicago glacial clays.pdf:PDF},
  url    = {https://www.geoengineer.org/storage/publication/19513/publication_file/2728/Calvello_volI.pdf},
}

@PhdThesis{Rechea2006,
  author    = {Rechea Bernal, Cecilia},
  title     = {Inverse analysis of excavations in urban environments},
  year      = {2006},
  file      = {:Rechea2006-Inverse analysis of excavations in urban environments.pdf:PDF},
  isbn      = {978-0-542-90783-8},
  language  = {English},
  publisher = {ProQuest},
  url       = {https://www.proquest.com/docview/305295379?accountid=28839},
}

@Article{Hashash2010,
  author    = {Hashash, Youssef MA and Levasseur, S{\'e}verine and Osouli, Abdolreza and Finno, Richard and Malecot, Yann},
  journal   = {Computers and geotechnics},
  title     = {Comparison of two inverse analysis techniques for learning deep excavation response},
  year      = {2010},
  number    = {3},
  pages     = {323-333},
  volume    = {37},
  doi       = {10.1016/j.compgeo.2009.11.005},
  file      = {:Hashash2010-Comparison of two inverse analysis techniques for learning deep excavation response.pdf:PDF},
  publisher = {Elsevier},
}

@Article{Xiong1998,
  author  = {熊巨华 and 李建华},
  journal = {建筑结构},
  title   = {基坑围护工程中土体水平抗力系数M值的分析与确定},
  year    = {1998},
  month   = {5},
  pages   = {39-41,59},
  file    = {:Xiong1998-基坑围护工程中土体水平抗力系数m值的分析与确定.pdf:PDF},
  url     = {http://www.cnki.com.cn/Article/CJFDTotal-JCJG199806009.htm},
}

@Article{Yang1998,
  author  = {杨敏 and 熊巨华 and 冯又全},
  journal = {工业建筑},
  title   = {基坑工程中的位移反分析技术与应用},
  year    = {1998},
  month   = {1},
  number  = {9},
  pages   = {1-6},
  volume  = {28},
  file    = {:Yang1998-基坑工程中的位移反分析技术与应用.pdf:PDF},
  url     = {http://d.wanfangdata.com.cn/periodical/gyjz199809001},
}

@Article{Wang1998,
  author  = {王旭东 and 黄力平 and 阮永平 and 徐建龙},
  journal = {南京建筑工程学院学报},
  title   = {基坑工程中地基土水平抗力比例系数M值的反分析},
  year    = {1998},
  month   = {5},
  number  = {9},
  pages   = {50-56},
}

@Article{Qin2004,
  author  = {秦建设 and 宋丽},
  journal = {应用力学学报},
  title   = {"m"法在基坑开挖应用中的改进},
  year    = {2004},
  month   = {2},
  number  = {4},
  pages   = {67-70},
  volume  = {21},
  doi     = {10.3969/j.issn.1000-4939.2004.04.014},
  file    = {:Qin2004-_m_法在基坑开挖应用中的改进.pdf:PDF},
}

@Article{Zhang2005,
  author  = {张军平 and 邹银生},
  journal = {湖南大学学报（自然科学版）},
  title   = {基坑位移反分析方法的对比研究},
  year    = {2005},
  month   = {3},
  number  = {1},
  pages   = {52-56},
  volume  = {32},
  doi     = {10.3321/j.issn:1000-2472.2005.01.012},
  file    = {:Zhang2005-基坑位移反分析方法的对比研究.pdf:PDF},
}

@MastersThesis{Feng2004,
  author = {冯俊福},
  school = {浙江大学},
  title  = {杭州地区地基土m值的反演分析},
  year   = {2004},
  month  = {8},
  type   = {硕士论文},
  file   = {:Feng2004-杭州地区地基土m值的反演分析.pdf:PDF},
  url    = {http://d.wanfangdata.com.cn/thesis/Y581041},
}

@Article{Wang2006,
  author  = {王建华 and 范巍 and 王卫东 and 沈健},
  journal = {岩土工程学报},
  title   = {空间m法在深基坑支护结构分析中的应用},
  year    = {2006},
  month   = {12},
  number  = {z1},
  pages   = {1332-1335},
  volume  = {28},
  doi     = {10.3321/j.issn:1000-4548.2006.z1.005},
  file    = {:Wang2006-空间m法在深基坑支护结构分析中的应用.pdf:PDF},
}

@Article{Song2010,
  author  = {宋建学 and 翟永亮 and 莫莉},
  journal = {岩土工程学报},
  title   = {基于支撑内力和支护桩位移实测量的m值反演},
  year    = {2010},
  number  = {S1},
  pages   = {156-160},
  volume  = {32},
  file    = {:Song2010-基于支撑内力和支护桩位移实测量的m值反演.pdf:PDF},
  url     = {http://www.cnki.com.cn/Article/CJFDTotal-YTGC2010S1031.htm},
}

@Article{Wang2011,
  author  = {王强 and 刘松玉 and 童立元 and 李仁民 and 方磊},
  journal = {东南大学学报（自然科学版）},
  title   = {多支撑地下连续墙动态开挖过程中m值反分析},
  year    = {2011},
  month   = {7},
  number  = {2},
  pages   = {352-358},
  volume  = {41},
  doi     = {10.3969/j.issn.1001-0505.2011.02.027},
  file    = {:Wang2011-多支撑地下连续墙动态开挖过程中m值反分析.pdf:PDF},
}

@Article{Xiao2011,
  author  = {肖铭钊 and 周承豪 and 程芸 and 冯晓腊 and 杨俊梅},
  journal = {岩土力学},
  title   = {有限元与改进单纯形法联合编程技术在位移反分析中的应用},
  year    = {2011},
  month   = {7},
  number  = {3},
  pages   = {899-904},
  volume  = {32},
  doi     = {10.3969/j.issn.1000-7598.2011.03.043},
  file    = {:Xiao2011-有限元与改进单纯形法联合编程技术在位移反分析中的应用.pdf:PDF},
}

@MastersThesis{Zhao2014,
  author = {赵登峰},
  school = {宁波大学},
  title  = {考虑应力路径的软土深基坑开挖分析及m值优化研究},
  year   = {2014},
  month  = {8},
  type   = {硕士论文},
  doi    = {10.7666/d.D604665},
  file   = {:Zhao2014-考虑应力路径的软土深基坑开挖分析及m值优化研究.pdf:PDF},
}

@Article{Lu2015,
  author  = {陆勇 and 卜良桃 and 彭富强},
  journal = {铁道科学与工程学报},
  title   = {软土深基坑工程支护结构设计m 值与弯矩反分析},
  year    = {2015},
  month   = {11},
  number  = {5},
  pages   = {1096-1102},
  doi     = {10.3969/j.issn.1672-7029.2015.05.017},
  file    = {:Lu2015-软土深基坑工程支护结构设计m+值与弯矩反分析.pdf:PDF},
}

@MastersThesis{Zhao2015,
  author = {赵香山},
  school = {上海交通大学},
  title  = {基坑工程变形计算的土层参数确定方法分析},
  year   = {2015},
  month  = {6},
  type   = {硕士论文},
  file   = {:Zhao2015-基坑工程变形计算的土层参数确定方法分析.pdf:PDF},
  url    = {http://d.wanfangdata.com.cn/thesis/D784125},
}

@Article{Cao2018,
  author  = {曹净 and 杨泽帅 and 胡睿 and 刘海明},
  journal = {隧道建设（中英文）},
  title   = {基坑土层等效m值反演分析},
  year    = {2018},
  month   = {8},
  number  = {7},
  pages   = {1108-1114},
  volume  = {38},
  doi     = {10.3973/j.issn.2096-4498.2018.07.005},
  file    = {:Cao2018-基坑土层等效m值反演分析.pdf:PDF},
}

@Article{Feng2005,
  author  = {冯俊福 and 俞建霖 and 杨学林 and 龚晓南},
  journal = {岩土力学},
  title   = {考虑动态因素的深基坑开挖反演分析及预测},
  year    = {2005},
  month   = {4},
  number  = {3},
  pages   = {455-460},
  volume  = {26},
  doi     = {10.3969/j.issn.1000-7598.2005.03.024},
  file    = {:Feng2005-考虑动态因素的深基坑开挖反演分析及预测.pdf:PDF},
}

@InProceedings{Yang2011,
  author       = {杨磊 and 谢雄耀},
  booktitle    = {2011全国青年岩石力学与工程学术大会论文集},
  title        = {南宁圆砾地层m值位移反分析研究},
  year         = {2011},
  address      = {青岛},
  month        = {10},
  organization = {中国岩石力学与工程学会},
  pages        = {1667-1672},
  file         = {:Yang2011-南宁圆砾地层m值位移反分析研究.pdf:PDF},
  url          = {http://d.wanfangdata.com.cn/conference/7683528},
}

@MastersThesis{Guo2012,
  author  = {郭文静},
  school  = {西南交通大学},
  title   = {哈尔滨地区基坑工程土体变形参数取值研究},
  year    = {2012},
  address = {成都},
}

@Comment{jabref-meta: databaseType:bibtex;}
